@book{Goodfellow-et-al-2016,
    title={Deep Learning},
    author={Ian Goodfellow and Yoshua Bengio and Aaron Courville},
    publisher={MIT Press},
    note={\url{http://www.deeplearningbook.org}},
    year={2016}
}
@book{neuralnetworks,
    title={Neural Networks and Deep Learning },
    author={Michael A. Nielsen},
    publisher={Determination Press},
    note={\url{http://neuralnetworksanddeeplearning.com/}},
    year={2015}
}
@misc{coursera,
	author = {Andrew Ng},
	title = {Machine Learning},
	year = {2012},
	url = {https://www.coursera.org/learn/machine-learning}
}
@misc{cs231n,
	author = {Fei-Fei Li and Justin Johnson and Andrej Karpathy},
	title = {CS231n: Convolutional Neural Networks for Visual Recognition},
	year = {2016},
	url = {http://cs231n.stanford.edu/}
}
@misc{python,
	author = {Charles Severance},
	title = {Python for Everybody Specialization},
	year = {2016},
	url = {https://www.coursera.org/specializations/python}
}
@misc{probabilities,
	author = {Prof. John Tsitsiklis},
	title = {6.041 Probabilistic Systems Analysis and Applied Probability},
	year = {2010},
	url = {https://ocw.mit.edu/courses/electrical-engineering-and-computer-science/6-041-probabilistic-systems-analysis-and-applied-probability-fall-2010/}
}
@misc{deepblue,
	author = {Wikipedia},
	title = {Deep Blue versus Garry Kasparov},
	url = {https://en.wikipedia.org/wiki/Deep_Blue_versus_Garry_Kasparov}
}
@misc{alphago,
	author = {Wikipedia},
	title = {AlphaGo},
	url = {https://en.wikipedia.org/wiki/AlphaGo}
}